rossiter@Kishacoquillas.local.2595